<?xml version="1.0" encoding="UTF-8"?><collection xmlns="http://www.loc.gov/MARC21/slim"><record><leader>00358nam--2200133-i-4500</leader><controlfield tag="001">000049477</controlfield><controlfield tag="002">20161230</controlfield><controlfield tag="005">20161230201047</controlfield><controlfield tag="008">060222s1000------------r-----000-0-eng-d</controlfield><datafield ind1=" " ind2=" " tag="080"><subfield code="a">51/53(03)</subfield></datafield><datafield ind1=" " ind2=" " tag="100"><subfield code="a">Alenicyn,A.G.,Butikov,E.I. I Kondratev,A.S</subfield></datafield><datafield ind1=" " ind2=" " tag="245"><subfield code="a">Kratkii fiziko-matematicheskii spravochnik</subfield></datafield><datafield ind1=" " ind2=" " tag="260"><subfield code="a">Moskva, Nauka, 1990. 368 S</subfield></datafield><datafield ind1=" " ind2=" " tag="852"><subfield code="a">79360</subfield></datafield></record></collection>